@article{leike2014geometric,
	title={Geometric series as nontermination arguments for linear lasso programs},
	author={Leike, Jan and Heizmann, Matthias},
	journal={arXiv preprint arXiv:1405.4413},
	year={2014}
}

@incollection{verschaetse1993automatic,
	title={Automatic termination analysis},
	author={Verschaetse, Kristof and Decorte, Stefaan and De Schreye, Danny},
	booktitle={Logic Program Synthesis and Transformation},
	pages={168--183},
	year={1993},
	publisher={Springer}
}

@article{zhivich2009real,
	title={The real cost of software errors},
	author={Zhivich, Michael and Cunningham, Robert K},
	journal={IEEE Security \& Privacy},
	volume={7},
	number={2},
	year={2009},
	publisher={IEEE}
}

@article{giesl2017analyzing,
	title={Analyzing program termination and complexity automatically with AProVE},
	author={Giesl, J{\"u}rgen and Aschermann, Cornelius and Brockschmidt, Marc and Emmes, Fabian and Frohn, Florian and Fuhs, Carsten and Hensel, Jera and Otto, Carsten and Pl{\"u}cker, Martin and Schneider-Kamp, Peter and others},
	journal={Journal of Automated Reasoning},
	volume={58},
	number={1},
	pages={3--31},
	year={2017},
	publisher={Springer}
}

@misc{wikirpn,
	author = "Wikipedia",
	title = "Reverse Polish Notation --- {Wikipedia, The Free Encyclopedia}",
	year = "2017",
	url = "http://en.wikipedia.org/w/index.php?title=Reverse_Polish_notation",
	note = "[Accessed: 17-August-2017]"
}

@unpublished{sat2016,
	author = "Prof. Dr. Erika Ábrahám",
	title = "Introduction to Satisfiability Checking",
	year = 2016
}

@inproceedings{corzilius2015smt,
	title={SMT-RAT: an open source C++ toolbox for strategic and parallel SMT solving},
	author={Corzilius, Florian and Kremer, Gereon and Junges, Sebastian and Schupp, Stefan and {\'A}brah{\'a}m, Erika},
	booktitle={International Conference on Theory and Applications of Satisfiability Testing},
	pages={360--368},
	year={2015},
	organization={Springer}
}

@inproceedings{fuhs2009proving,
	title={Proving termination of integer term rewriting},
	author={Fuhs, Carsten and Giesl, J{\"u}rgen and Pl{\"u}cker, Martin and Schneider-Kamp, Peter and Falke, Stephan},
	booktitle={International Conference on Rewriting Techniques and Applications},
	pages={32--47},
	year={2009},
	organization={Springer}
}

@misc{ApacheMath3,
	title={Apache commons.math3},
	howpublished = {http://commons.apache.org/proper/commons-math/javadocs/api-3.6/org/apache/commons/math3/linear/EigenDecomposition.html}, 
	note = {Accessed: 27-August-2017}
}

@article{behrmann2014bit,
	title={Bit-blasting for SMT-NIA with AProVE},
	author={Behrmann, Karsten and Dyck, Andrej and Emmes, Fabian and Fuhs, Carsten and Giesl, J{\"u}rgen and Kabasci, Patrick and Schneider-Kamp, Peter and Thiemann, Ren{\'e}},
	journal={Proc. SMT-COMP},
	volume={14},
	year={2014}
}

@article{giesl2016,
	title={Semi-Deciding QF NIA with AProVE via	Bit-Blasting},
	author={Giesl, J{\"u}rgen and Aschermann, Cornelius and Brockschmidt, Marc and Emmes, Fabian and Frohn, Florian and Fuhs, Carsten and Hensel, Jera and Otto, Carsten and Pl{\"u}cker, Martin and Schneider-Kamp, Peter and Str{\"o}der, Thomas and Swiderski, Stephanie and Thiemann, René},
	year={2016}
}

@online{aproveWebsite,
	author = {Giesl, J{\"u}rgen},
	title = {AProVE},
	howpublished = {http://aprove.informatik.rwth-aachen.de/},
	note= {Accessed: 26-08-2017}
}

@online{wiki2017termComp,
	author = "Wikipedia",
	title = "Termination Competiton 2017 --- {Wikipedia, The Free Encyclopedia}",
	year = "2017",
	url = "http://termination-portal.org/wiki/Termination_Competition_2017",
	note = "[Accessed: 17-August-2017]"
}

@inproceedings{giesl2006aprove,
	title={AProVE 1.2: Automatic termination proofs in the dependency pair framework},
	author={Giesl, J{\"u}rgen and Schneider-Kamp, Peter and Thiemann, Ren{\'e}},
	booktitle={International Joint Conference on Automated Reasoning},
	pages={281--286},
	year={2006},
	organization={Springer}
}

@inproceedings{giesl2003aprove,
	title={AProVE: A system for proving termination},
	author={Giesl, J{\"u}rgen and Thiemann, Ren{\'e} and Schneider-Kamp, Peter and Falke, Stephan},
	booktitle={Extended Abstracts of the 6th International Workshop on Termination, WST},
	volume={3},
	pages={68--70},
	year={2003}
}